<record><leader>00000cas a2200000 a 4500</leader><controlfield tag="001">26971087</controlfield><controlfield tag="008">921113d19uu1999cauwr ne      0   f0ara c</controlfield><datafield ind1=" " ind2=" " tag="010"><subfield code="a">sn 92006609 </subfield></datafield><datafield ind1=" " ind2=" " tag="040"><subfield code="a">NSD</subfield><subfield code="b">eng</subfield><subfield code="c">NSD</subfield><subfield code="d">CLU</subfield><subfield code="d">CNK</subfield><subfield code="d">NSD</subfield><subfield code="d">CLU</subfield><subfield code="d">NSD</subfield><subfield code="d">CNK</subfield><subfield code="d">OCLCQ</subfield><subfield code="d">OCLCF</subfield><subfield code="d">OCLCO</subfield></datafield><datafield ind1=" " ind2=" " tag="012"><subfield code="j">1</subfield><subfield code="k">1</subfield><subfield code="m">d</subfield></datafield><datafield ind1="1" ind2=" " tag="022"><subfield code="a">1066-2820</subfield><subfield code="l">1066-2820</subfield><subfield code="2">1</subfield></datafield><datafield ind1="1" ind2=" " tag="029"><subfield code="a">AU@</subfield><subfield code="b">000020718847</subfield></datafield><datafield ind1=" " ind2=" " tag="042"><subfield code="a">nsdp</subfield><subfield code="a">pcc</subfield></datafield><datafield ind1=" " ind2=" " tag="043"><subfield code="a">n-us-ca</subfield></datafield><datafield ind1="1" ind2="4" tag="050"><subfield code="a">F868.L8</subfield><subfield code="b">A53</subfield></datafield><datafield ind1=" " ind2="0" tag="222"><subfield code="a">Anba al Arab</subfield></datafield><datafield ind1="0" ind2="0" tag="245"><subfield code="a">Anba al Arab.</subfield></datafield><datafield ind1="1" ind2="3" tag="246"><subfield code="a">Arab news</subfield><subfield code="f">&lt;Dec. 15, 1991-June 1, 1992&gt;</subfield></datafield><datafield ind1=" " ind2=" " tag="260"><subfield code="a">Glendale, CA :</subfield><subfield code="b">Anaba al-Arab Pub. Co.,</subfield><subfield code="c">-[1999]</subfield></datafield><datafield ind1=" " ind2=" " tag="300"><subfield code="a">v. ;</subfield><subfield code="c">44 cm.</subfield></datafield><datafield ind1=" " ind2=" " tag="310"><subfield code="a">Weekly,</subfield><subfield code="b">Jan. 2, 1998-</subfield></datafield><datafield ind1=" " ind2=" " tag="321"><subfield code="a">Semimonthly,</subfield><subfield code="b">&lt;Jan. 31, 1991-Dec. 15, 1994&gt;</subfield></datafield><datafield ind1=" " ind2=" " tag="321"><subfield code="a">Every 10 days on 1, 10, 20,</subfield><subfield code="b">&lt;Feb. 10, 1995&gt;-Dec. 20, 1997</subfield></datafield><datafield ind1="0" ind2=" " tag="362"><subfield code="a">-v. 10, no. 317 (Oct. 14, 1999).</subfield></datafield><datafield ind1=" " ind2=" " tag="515"><subfield code="a">Issue for May 15, 1993 is incorrectly called v. 4, no. 77 but constitutes v. 5, no. 77.</subfield></datafield><datafield ind1=" " ind2=" " tag="588"><subfield code="a">Description based on: Vol. 2, no. 23 (Jan. 31, 1991).</subfield></datafield><datafield ind1=" " ind2="0" tag="650"><subfield code="a">Arab Americans</subfield><subfield code="z">California</subfield><subfield code="v">Newspapers.</subfield></datafield><datafield ind1=" " ind2="0" tag="651"><subfield code="a">Los Angeles County (Calif.)</subfield><subfield code="v">Newspapers.</subfield></datafield><datafield ind1=" " ind2="7" tag="655"><subfield code="a">Newspapers.</subfield><subfield code="2">fast</subfield><subfield code="0">(OCoLC)fst01423814</subfield></datafield><datafield ind1=" " ind2="7" tag="650"><subfield code="a">Arab Americans.</subfield><subfield code="2">fast</subfield><subfield code="0">(OCoLC)fst00812200</subfield></datafield><datafield ind1=" " ind2="7" tag="651"><subfield code="a">California.</subfield><subfield code="2">fast</subfield><subfield code="0">(OCoLC)fst01204928</subfield></datafield><datafield ind1=" " ind2="7" tag="651"><subfield code="a">California</subfield><subfield code="z">Los Angeles County.</subfield><subfield code="2">fast</subfield><subfield code="0">(OCoLC)fst01205194</subfield></datafield><datafield ind1=" " ind2=" " tag="752"><subfield code="a">United States</subfield><subfield code="b">California</subfield><subfield code="c">Los Angeles</subfield><subfield code="d">Glendale.</subfield></datafield><datafield ind1="0" ind2="0" tag="785"><subfield code="t">Arab (Glendale, Calif.)</subfield><subfield code="x">1529-0670</subfield><subfield code="w">(DLC)   00212279</subfield><subfield code="w">(OCoLC)43603364</subfield></datafield></record>